<?xml version="1.0" encoding="UTF-8"?><collection xmlns="http://www.loc.gov/MARC21/slim"><record><leader>00382nam--2200133-i-4500</leader><controlfield tag="001">000020356</controlfield><controlfield tag="002">20161230</controlfield><controlfield tag="005">20161230201033</controlfield><controlfield tag="008">060222s1000------------r-----000-0-eng-d</controlfield><datafield ind1=" " ind2=" " tag="080"><subfield code="a">550.8(043)</subfield></datafield><datafield ind1=" " ind2=" " tag="100"><subfield code="a">Fontanel, Andre</subfield></datafield><datafield ind1=" " ind2=" " tag="245"><subfield code="a">Correlation optique et holographie acoustique, application a la geophysique.these</subfield></datafield><datafield ind1=" " ind2=" " tag="260"><subfield code="a">Paris, Faculte De Science, 1971.112 P</subfield></datafield><datafield ind1=" " ind2=" " tag="852"><subfield code="a">74097</subfield></datafield></record></collection>